<record><leader>00000cas a22000007a 4500</leader><controlfield tag="001">10085223</controlfield><controlfield tag="008">831102d18731913paudn ne      0    0eng d</controlfield><datafield ind1=" " ind2=" " tag="010"><subfield code="a">sn 83031963 </subfield></datafield><datafield ind1=" " ind2=" " tag="040"><subfield code="a">NPU</subfield><subfield code="b">eng</subfield><subfield code="c">NPU</subfield><subfield code="d">NPX</subfield><subfield code="d">NPH</subfield><subfield code="d">DLC</subfield><subfield code="d">NPH</subfield><subfield code="d">OCL</subfield><subfield code="d">OCLCQ</subfield><subfield code="d">DLC</subfield><subfield code="d">OCLCQ</subfield><subfield code="d">OCLCF</subfield></datafield><datafield ind1=" " ind2=" " tag="019"><subfield code="a">2257198</subfield></datafield><datafield ind1=" " ind2=" " tag="042"><subfield code="a">msc</subfield></datafield><datafield ind1=" " ind2=" " tag="043"><subfield code="a">n-us-pa</subfield></datafield><datafield ind1="0" ind2="0" tag="050"><subfield code="a">Newspaper</subfield></datafield><datafield ind1="0" ind2=" " tag="130"><subfield code="a">Morning tribune (Altoona, Pa.)</subfield></datafield><datafield ind1="1" ind2="0" tag="245"><subfield code="a">Morning tribune.</subfield></datafield><datafield ind1=" " ind2=" " tag="260"><subfield code="a">Altoona, Pa. :</subfield><subfield code="b">McCrum &amp; Dern</subfield></datafield><datafield ind1=" " ind2=" " tag="300"><subfield code="a">v. ;</subfield><subfield code="c">55-58 cm.</subfield></datafield><datafield ind1=" " ind2=" " tag="310"><subfield code="a">Daily (except Sun.)</subfield></datafield><datafield ind1="1" ind2=" " tag="362"><subfield code="a">Began in Apr. 1873.</subfield></datafield><datafield ind1="0" ind2=" " tag="362"><subfield code="a">-57th year (Apr. 3, 1913).</subfield></datafield><datafield ind1=" " ind2=" " tag="500"><subfield code="a">Two issues daily &lt;Feb., 1885&gt;.</subfield></datafield><datafield ind1=" " ind2=" " tag="580"><subfield code="a">Issued also in a weekly edition called: Altoona tribune (Altoona, Pa. : 1856 : Weekly).</subfield></datafield><datafield ind1=" " ind2=" " tag="588"><subfield code="a">Description based on: Vol. 1, no. 43 (June 2, 1873).</subfield></datafield><datafield ind1=" " ind2="0" tag="651"><subfield code="a">Altoona (Pa.)</subfield><subfield code="v">Newspapers.</subfield></datafield><datafield ind1=" " ind2="7" tag="655"><subfield code="a">Newspapers.</subfield><subfield code="2">fast</subfield><subfield code="0">(OCoLC)fst01423814</subfield></datafield><datafield ind1=" " ind2="7" tag="651"><subfield code="a">Pennsylvania</subfield><subfield code="z">Altoona.</subfield><subfield code="2">fast</subfield><subfield code="0">(OCoLC)fst01202855</subfield></datafield><datafield ind1=" " ind2=" " tag="752"><subfield code="a">United States</subfield><subfield code="b">Pennsylvania</subfield><subfield code="c">Blair</subfield><subfield code="d">Altoona.</subfield></datafield><datafield ind1="1" ind2=" " tag="775"><subfield code="t">Altoona tribune (Altoona, Pa. : 1856 : Weekly)</subfield><subfield code="w">(DLC)sn 83031964</subfield></datafield><datafield ind1="0" ind2="0" tag="785"><subfield code="t">Altoona tribune (Altoona, Pa. : 1913 : Daily)</subfield><subfield code="w">(DLC)sn 87080066</subfield></datafield></record>